<?xml version="1.0" encoding="UTF-8"?><collection xmlns="http://www.loc.gov/MARC21/slim"><record><leader>00490nam--2200169-i-4500</leader><controlfield tag="001">000001356</controlfield><controlfield tag="002">20161230</controlfield><controlfield tag="005">20161230201024</controlfield><controlfield tag="008">060222s1000------------r-----000-0-ger-d</controlfield><datafield ind1=" " ind2=" " tag="041"><subfield code="a">ger</subfield></datafield><datafield ind1=" " ind2=" " tag="080"><subfield code="a">535.31(043)</subfield></datafield><datafield ind1="1" ind2=" " tag="100"><subfield code="a">Glindemann, And.Reas</subfield></datafield><datafield ind1="1" ind2="0" tag="245"><subfield code="a">Das bild der kante bei teilkoharenter beleuchtung-rechnungen und experimente</subfield><subfield code="b">Dissertation</subfield><subfield code="c">Andreas glindemann</subfield></datafield><datafield ind1=" " ind2=" " tag="260"><subfield code="a">Berlin</subfield><subfield code="b">Universitat</subfield><subfield code="c">1989</subfield></datafield><datafield ind1=" " ind2=" " tag="300"><subfield code="a">131 P</subfield></datafield><datafield ind1=" " ind2=" " tag="852"><subfield code="a">78788</subfield><subfield code="c">535</subfield></datafield><datafield ind1=" " ind2=" " tag="CAT"><subfield code="a">Sys</subfield><subfield code="c">20101129</subfield><subfield code="h">120227</subfield></datafield></record></collection>